<record><leader>00000cas a22000007a 4500</leader><controlfield tag="001">18084063</controlfield><controlfield tag="008">880614d19641965nyuwr ne      0    0eng d</controlfield><datafield ind1=" " ind2=" " tag="010"><subfield code="a">sn 88074491 </subfield></datafield><datafield ind1=" " ind2=" " tag="040"><subfield code="a">NYS</subfield><subfield code="b">eng</subfield><subfield code="c">NYS</subfield><subfield code="d">OCL</subfield><subfield code="d">OCLCQ</subfield></datafield><datafield ind1=" " ind2=" " tag="042"><subfield code="a">msc</subfield></datafield><datafield ind1="0" ind2="0" tag="245"><subfield code="a">Clifton Park-Halfmoon townsman.</subfield></datafield><datafield ind1=" " ind2=" " tag="260"><subfield code="a">[Latham, N.Y.] :</subfield><subfield code="b">Greater Colonie Townsman</subfield></datafield><datafield ind1=" " ind2=" " tag="300"><subfield code="a">v.</subfield></datafield><datafield ind1=" " ind2=" " tag="310"><subfield code="a">Weekly</subfield></datafield><datafield ind1="1" ind2=" " tag="362"><subfield code="a">Began with the Nov. 12, 1964 issue.</subfield></datafield><datafield ind1="0" ind2=" " tag="362"><subfield code="a">-ser. 1965, no. 49 (Dec. 9, 1965).</subfield></datafield><datafield ind1=" " ind2=" " tag="588"><subfield code="a">Description based on: Ser. 1964, no. 2 (Nov. 19, 1964).</subfield></datafield><datafield ind1=" " ind2="4" tag="651"><subfield code="a">Latham (N.Y.)</subfield><subfield code="v">Newspapers.</subfield></datafield><datafield ind1=" " ind2="4" tag="651"><subfield code="a">Clifton Park (N.Y.)</subfield><subfield code="v">Newspapers.</subfield></datafield><datafield ind1=" " ind2="4" tag="651"><subfield code="a">Halfmoon (N.Y.)</subfield><subfield code="v">Newspapers.</subfield></datafield><datafield ind1=" " ind2=" " tag="752"><subfield code="a">United States</subfield><subfield code="b">New York</subfield><subfield code="c">Albany</subfield><subfield code="d">Latham.</subfield></datafield><datafield ind1=" " ind2=" " tag="752"><subfield code="a">United States</subfield><subfield code="b">New York</subfield><subfield code="c">Saratoga</subfield><subfield code="d">Clifton Park.</subfield></datafield><datafield ind1=" " ind2=" " tag="752"><subfield code="a">United States</subfield><subfield code="b">New York</subfield><subfield code="c">Saratoga</subfield><subfield code="d">Halfmoon.</subfield></datafield><datafield ind1="0" ind2="0" tag="785"><subfield code="t">Clifton Park-Halfmoon-Waterford townsman</subfield><subfield code="w">(DLC)sn 88074503</subfield><subfield code="w">(OCoLC)18084198</subfield></datafield></record>